%% This BibTeX bibliography file was created using BibDesk.
%% http://bibdesk.sourceforge.net/


%% Created for Luiz Rafael dos Santos at 2014-08-20 11:19:14 -0300 


%% Saved with string encoding Unicode (UTF-8) 



@article{Hunter:2007,
	Author = {Hunter, John D},
	Date-Modified = {2014-08-20 14:19:14 +0000},
	Journal = {Computing In Science {\&} Engineering},
	Number = {3},
	Pages = {90--95},
	Title = {{Matplotlib: A 2D graphics environment}},
	Volume = {9},
	Year = {2007}}

@techreport{Hans,
	Author = {Mittelmann, Hans},
	Title = {{Benchmarks for optimization software}}}

@manual{TikZ,
	Author = {Tantau, Till},
	Title = {{The TikZ and PGF Packages - Manual for version 2.10}},
	Year = {2010}}

@manual{pgfplots,
	Author = {Feuers{\"a}nger, Christian},
	Title = {{Manual for Package pgfplots - 2D/3D Plots in LaTeX, Version 1.9}},
	Year = {2013}}

@article{Dolan:2002du,
	Author = {Dolan, Elisabeth D and Mor{\'e}, Jorge J},
	Journal = {Mathematical Programming},
	Number = {2},
	Pages = {201--213},
	Title = {{Benchmarking optimization software with performance profiles}},
	Volume = {91},
	Year = {2002}}
